@article{bartoletti2020dissecting,
  title={Dissecting Ponzi schemes on Ethereum: identification, analysis, and impact},
  author={Bartoletti, Massimo and Carta, Salvatore and Cimoli, Tiziana and Saia, Roberto},
  journal={Future Generation Computer Systems},
  volume={102},
  pages={259--277},
  year={2020},
  publisher={Elsevier}
}
@article{wood2014ethereum,
     title={Ethereum: A secure decentralised generalised transaction ledger},
     author={Wood, Gavin},
     journal={Ethereum project yellow paper},
     volume={151},
     pages={1--32},
     year={2014}
 }
@book{dannen2017introducing,
  title={Introducing Ethereum and solidity},
  author={Dannen, Chris},
  volume={1},
  year={2017},
  publisher={Springer}
}
 